<?xml version="1.0" encoding="UTF-8"?>
<OAI-PMH xmlns="http://www.openarchives.org/OAI/2.0/" xmlns:xsi="http://www.w3.org/2001/XMLSchema-instance" xsi:schemaLocation="http://www.openarchives.org/OAI/2.0/ http://www.openarchives.org/OAI/2.0/OAI-PMH.xsd">
  <ListRecords>
    <record>
      <header>
        <identifier>aleph-publish:001842590</identifier>
      </header>
      <metadata>
        <record xmlns="http://www.ddb.de/professionell/mabxml/mabxml-1.xsd">
          <leader>00589nM2.01200024------h</leader>
          <controlfield tag="LDR">00589nM2.01200024------h</controlfield>
          <controlfield tag="FMT">MH</controlfield>
          <datafield tag="001" ind1="-" ind2="1">
            <subfield code="a">HT018875230</subfield>
          </datafield>
          <datafield tag="002" ind1="a" ind2="1">
            <subfield code="a">20160203</subfield>
          </datafield>
          <datafield tag="026" ind1="-" ind2="1">
            <subfield code="a">HBZHT018875230</subfield>
          </datafield>
          <controlfield tag="030">a|zur||||||17</controlfield>
          <datafield tag="036" ind1="a" ind2="1">
            <subfield code="a">DE</subfield>
          </datafield>
          <datafield tag="037" ind1="b" ind2="1">
            <subfield code="a">ger</subfield>
          </datafield>
          <controlfield tag="050">a|||||||||||||</controlfield>
          <controlfield tag="051">at||||||</controlfield>
          <datafield tag="060" ind1="-" ind2="1">
            <subfield code="b">txt</subfield>
            <subfield code="a">Text</subfield>
          </datafield>
          <datafield tag="061" ind1="-" ind2="1">
            <subfield code="b">n</subfield>
            <subfield code="a">ohne Hilfsmittel zu benutzen</subfield>
          </datafield>
          <datafield tag="062" ind1="-" ind2="1">
            <subfield code="b">nc</subfield>
          </datafield>
          <datafield tag="070" ind1="-" ind2="1">
            <subfield code="a">466</subfield>
          </datafield>
          <datafield tag="080" ind1="-" ind2="1">
            <subfield code="a">60</subfield>
          </datafield>
          <datafield tag="100" ind1="-" ind2="1">
            <subfield code="p">Schmoll, Josef A.</subfield>
            <subfield code="d">1915-2010</subfield>
            <subfield code="9">(DE-588)116472596</subfield>
          </datafield>
          <datafield tag="104" ind1="b" ind2="1">
            <subfield code="p">Knaupp, Werner</subfield>
            <subfield code="d">1936-</subfield>
            <subfield code="9">(DE-588)118563610</subfield>
            <subfield code="4">hnr</subfield>
          </datafield>
          <datafield tag="331" ind1="-" ind2="1">
            <subfield code="a">Wanderer zwischen den Welten</subfield>
          </datafield>
          <datafield tag="335" ind1="-" ind2="1">
            <subfield code="a">Laudatio für Werner Knaupp</subfield>
          </datafield>
          <datafield tag="359" ind1="-" ind2="1">
            <subfield code="a">J.A. Schmoll gen. Eisenwerth</subfield>
          </datafield>
          <datafield tag="425" ind1="a" ind2="1">
            <subfield code="a">1996</subfield>
          </datafield>
          <datafield tag="590" ind1="-" ind2="1">
            <subfield code="a">Jahrbuch</subfield>
          </datafield>
          <datafield tag="591" ind1="-" ind2="1">
            <subfield code="a">Bayerische Akademie der Schönen Künste in München</subfield>
          </datafield>
          <datafield tag="594" ind1="-" ind2="1">
            <subfield code="a">Schaftlach</subfield>
          </datafield>
          <datafield tag="596" ind1="-" ind2="1">
            <subfield code="a">Band 10 (1996),1, Seiten 331 - 349</subfield>
          </datafield>
          <datafield tag="598" ind1="-" ind2="1">
            <subfield code="a">Anlässlich der Preisverleihungen Friedrich-Baur-Preise 1995</subfield>
          </datafield>
          <datafield tag="599" ind1="-" ind2="1">
            <subfield code="a">HT012034318</subfield>
          </datafield>
          <datafield tag="599" ind1="a" ind2="1">
            <subfield code="a">0932-0229</subfield>
          </datafield>
          <datafield tag="599" ind1="s" ind2="1">
            <subfield code="a">0018222-9</subfield>
          </datafield>
          <controlfield tag="SYS">001842590</controlfield>
          <datafield tag="PPE" ind1="-" ind2="1">
            <subfield code="p">Schmoll, Josef Adolf</subfield>
            <subfield code="d">1915-2010</subfield>
            <subfield code="9">(DE-588)116472596</subfield>
          </datafield>
          <datafield tag="PPE" ind1="-" ind2="1">
            <subfield code="p">Schmoll genannt Eisenwerth, J. A.</subfield>
            <subfield code="d">1915-2010</subfield>
            <subfield code="9">(DE-588)116472596</subfield>
          </datafield>
          <datafield tag="PPE" ind1="-" ind2="1">
            <subfield code="p">Schmoll von Eisenwerth, J. A.</subfield>
            <subfield code="d">1915-2010</subfield>
            <subfield code="9">(DE-588)116472596</subfield>
          </datafield>
          <datafield tag="PPE" ind1="-" ind2="1">
            <subfield code="p">Eisenwerth, J. A. Schmoll &lt;&lt;von&gt;&gt;</subfield>
            <subfield code="d">1915-2010</subfield>
            <subfield code="9">(DE-588)116472596</subfield>
          </datafield>
          <datafield tag="PPE" ind1="-" ind2="1">
            <subfield code="p">Schmoll-Eisenwerth, Josef A.</subfield>
            <subfield code="d">1915-2010</subfield>
            <subfield code="9">(DE-588)116472596</subfield>
          </datafield>
          <datafield tag="PPE" ind1="-" ind2="1">
            <subfield code="p">Eisenwerth, Josef A. Schmoll-</subfield>
            <subfield code="d">1915-2010</subfield>
            <subfield code="9">(DE-588)116472596</subfield>
          </datafield>
          <datafield tag="PPE" ind1="-" ind2="1">
            <subfield code="p">Schmoll, J. A.</subfield>
            <subfield code="d">1915-2010</subfield>
            <subfield code="9">(DE-588)116472596</subfield>
          </datafield>
          <datafield tag="PPE" ind1="-" ind2="1">
            <subfield code="p">Schmoll-Eisenwerth, J. A.</subfield>
            <subfield code="d">1915-2010</subfield>
            <subfield code="9">(DE-588)116472596</subfield>
          </datafield>
          <datafield tag="PPE" ind1="-" ind2="1">
            <subfield code="p">Schmoll, J. Adolf</subfield>
            <subfield code="d">1915-2010</subfield>
            <subfield code="9">(DE-588)116472596</subfield>
          </datafield>
          <datafield tag="PPE" ind1="-" ind2="1">
            <subfield code="p">Eisenwerth, J. A.</subfield>
            <subfield code="d">1915-2010</subfield>
            <subfield code="9">(DE-588)116472596</subfield>
          </datafield>
          <datafield tag="PPE" ind1="-" ind2="1">
            <subfield code="p">Eisenwerth, Josef Adolf</subfield>
            <subfield code="d">1915-2010</subfield>
            <subfield code="9">(DE-588)116472596</subfield>
          </datafield>
          <datafield tag="PPE" ind1="-" ind2="1">
            <subfield code="p">Schmoll Eisenwerth, Josef Adolf</subfield>
            <subfield code="d">1915-2010</subfield>
            <subfield code="9">(DE-588)116472596</subfield>
          </datafield>
          <datafield tag="PPE" ind1="-" ind2="1">
            <subfield code="p">Schmoll Eisenwerth, J. A.</subfield>
            <subfield code="d">1915-2010</subfield>
            <subfield code="9">(DE-588)116472596</subfield>
          </datafield>
          <datafield tag="PPE" ind1="-" ind2="1">
            <subfield code="p">Schmoll genannt Eisenwerth, J.A.</subfield>
            <subfield code="d">1915-2010</subfield>
            <subfield code="9">(DE-588)116472596</subfield>
          </datafield>
          <datafield tag="PPE" ind1="-" ind2="1">
            <subfield code="p">Schmoll-Eisenwerth, Josef Adolf</subfield>
            <subfield code="d">1915-2010</subfield>
            <subfield code="9">(DE-588)116472596</subfield>
          </datafield>
          <datafield tag="PPE" ind1="-" ind2="1">
            <subfield code="p">Schmoll gen. Eisenwerth, Josef A.</subfield>
            <subfield code="d">1915-2010</subfield>
            <subfield code="9">(DE-588)116472596</subfield>
          </datafield>
          <datafield tag="PPE" ind1="-" ind2="1">
            <subfield code="p">Schmoll gen. Eisenwerth, Josef Adolf</subfield>
            <subfield code="d">1915-2010</subfield>
            <subfield code="9">(DE-588)116472596</subfield>
          </datafield>
          <datafield tag="PPE" ind1="-" ind2="1">
            <subfield code="p">Eisenwerth, Josef A. Schmoll</subfield>
            <subfield code="d">1915-2010</subfield>
            <subfield code="9">(DE-588)116472596</subfield>
          </datafield>
          <datafield tag="PPE" ind1="-" ind2="1">
            <subfield code="p">Schmoll, J.A.</subfield>
            <subfield code="d">1915-2010</subfield>
            <subfield code="9">(DE-588)116472596</subfield>
          </datafield>
          <datafield tag="PPE" ind1="-" ind2="1">
            <subfield code="p">Schmoll gen. Eisenwerth, J.A.</subfield>
            <subfield code="d">1915-2010</subfield>
            <subfield code="9">(DE-588)116472596</subfield>
          </datafield>
          <datafield tag="PPE" ind1="-" ind2="1">
            <subfield code="p">Shumoru-Aizen'vueruto, J. A.</subfield>
            <subfield code="d">1915-2010</subfield>
            <subfield code="9">(DE-588)116472596</subfield>
          </datafield>
          <datafield tag="PPE" ind1="-" ind2="1">
            <subfield code="p">Schmoll, Josef Adolf</subfield>
            <subfield code="d">1915-2010</subfield>
            <subfield code="9">(DE-588)116472596</subfield>
          </datafield>
          <datafield tag="PPE" ind1="-" ind2="1">
            <subfield code="p">Schmoll genannt Eisenwerth, J. A.</subfield>
            <subfield code="d">1915-2010</subfield>
            <subfield code="9">(DE-588)116472596</subfield>
          </datafield>
          <datafield tag="PPE" ind1="-" ind2="1">
            <subfield code="p">Schmoll von Eisenwerth, J. A.</subfield>
            <subfield code="d">1915-2010</subfield>
            <subfield code="9">(DE-588)116472596</subfield>
          </datafield>
          <datafield tag="PPE" ind1="-" ind2="1">
            <subfield code="p">Eisenwerth, J. A. Schmoll &lt;&lt;von&gt;&gt;</subfield>
            <subfield code="d">1915-2010</subfield>
            <subfield code="9">(DE-588)116472596</subfield>
          </datafield>
          <datafield tag="PPE" ind1="-" ind2="1">
            <subfield code="p">Schmoll-Eisenwerth, Josef A.</subfield>
            <subfield code="d">1915-2010</subfield>
            <subfield code="9">(DE-588)116472596</subfield>
          </datafield>
          <datafield tag="PPE" ind1="-" ind2="1">
            <subfield code="p">Eisenwerth, Josef A. Schmoll-</subfield>
            <subfield code="d">1915-2010</subfield>
            <subfield code="9">(DE-588)116472596</subfield>
          </datafield>
          <datafield tag="PPE" ind1="-" ind2="1">
            <subfield code="p">Schmoll, J. A.</subfield>
            <subfield code="d">1915-2010</subfield>
            <subfield code="9">(DE-588)116472596</subfield>
          </datafield>
          <datafield tag="PPE" ind1="-" ind2="1">
            <subfield code="p">Schmoll-Eisenwerth, J. A.</subfield>
            <subfield code="d">1915-2010</subfield>
            <subfield code="9">(DE-588)116472596</subfield>
          </datafield>
          <datafield tag="PPE" ind1="-" ind2="1">
            <subfield code="p">Schmoll, J. Adolf</subfield>
            <subfield code="d">1915-2010</subfield>
            <subfield code="9">(DE-588)116472596</subfield>
          </datafield>
          <datafield tag="PPE" ind1="-" ind2="1">
            <subfield code="p">Eisenwerth, J. A.</subfield>
            <subfield code="d">1915-2010</subfield>
            <subfield code="9">(DE-588)116472596</subfield>
          </datafield>
          <datafield tag="PPE" ind1="-" ind2="1">
            <subfield code="p">Eisenwerth, Josef Adolf</subfield>
            <subfield code="d">1915-2010</subfield>
            <subfield code="9">(DE-588)116472596</subfield>
          </datafield>
          <datafield tag="PPE" ind1="-" ind2="1">
            <subfield code="p">Schmoll Eisenwerth, Josef Adolf</subfield>
            <subfield code="d">1915-2010</subfield>
            <subfield code="9">(DE-588)116472596</subfield>
          </datafield>
          <datafield tag="PPE" ind1="-" ind2="1">
            <subfield code="p">Schmoll Eisenwerth, J. A.</subfield>
            <subfield code="d">1915-2010</subfield>
            <subfield code="9">(DE-588)116472596</subfield>
          </datafield>
          <datafield tag="PPE" ind1="-" ind2="1">
            <subfield code="p">Schmoll genannt Eisenwerth, J.A.</subfield>
            <subfield code="d">1915-2010</subfield>
            <subfield code="9">(DE-588)116472596</subfield>
          </datafield>
          <datafield tag="PPE" ind1="-" ind2="1">
            <subfield code="p">Schmoll-Eisenwerth, Josef Adolf</subfield>
            <subfield code="d">1915-2010</subfield>
            <subfield code="9">(DE-588)116472596</subfield>
          </datafield>
          <datafield tag="PPE" ind1="-" ind2="1">
            <subfield code="p">Schmoll gen. Eisenwerth, Josef A.</subfield>
            <subfield code="d">1915-2010</subfield>
            <subfield code="9">(DE-588)116472596</subfield>
          </datafield>
          <datafield tag="PPE" ind1="-" ind2="1">
            <subfield code="p">Schmoll gen. Eisenwerth, Josef Adolf</subfield>
            <subfield code="d">1915-2010</subfield>
            <subfield code="9">(DE-588)116472596</subfield>
          </datafield>
          <datafield tag="PPE" ind1="-" ind2="1">
            <subfield code="p">Eisenwerth, Josef A. Schmoll</subfield>
            <subfield code="d">1915-2010</subfield>
            <subfield code="9">(DE-588)116472596</subfield>
          </datafield>
          <datafield tag="PPE" ind1="-" ind2="1">
            <subfield code="p">Schmoll, J.A.</subfield>
            <subfield code="d">1915-2010</subfield>
            <subfield code="9">(DE-588)116472596</subfield>
          </datafield>
          <datafield tag="PPE" ind1="-" ind2="1">
            <subfield code="p">Schmoll gen. Eisenwerth, J.A.</subfield>
            <subfield code="d">1915-2010</subfield>
            <subfield code="9">(DE-588)116472596</subfield>
          </datafield>
          <datafield tag="PPE" ind1="-" ind2="1">
            <subfield code="p">Shumoru-Aizen'vueruto, J. A.</subfield>
            <subfield code="d">1915-2010</subfield>
            <subfield code="9">(DE-588)116472596</subfield>
          </datafield>
          <datafield tag="PPE" ind1="-" ind2="1">
            <subfield code="p">Schmoll, Josef Adolf</subfield>
            <subfield code="d">1915-2010</subfield>
            <subfield code="9">(DE-588)116472596</subfield>
          </datafield>
          <datafield tag="PPE" ind1="-" ind2="1">
            <subfield code="p">Schmoll genannt Eisenwerth, J. A.</subfield>
            <subfield code="d">1915-2010</subfield>
            <subfield code="9">(DE-588)116472596</subfield>
          </datafield>
          <datafield tag="PPE" ind1="-" ind2="1">
            <subfield code="p">Schmoll von Eisenwerth, J. A.</subfield>
            <subfield code="d">1915-2010</subfield>
            <subfield code="9">(DE-588)116472596</subfield>
          </datafield>
          <datafield tag="PPE" ind1="-" ind2="1">
            <subfield code="p">Eisenwerth, J. A. Schmoll &lt;&lt;von&gt;&gt;</subfield>
            <subfield code="d">1915-2010</subfield>
            <subfield code="9">(DE-588)116472596</subfield>
          </datafield>
          <datafield tag="PPE" ind1="-" ind2="1">
            <subfield code="p">Schmoll-Eisenwerth, Josef A.</subfield>
            <subfield code="d">1915-2010</subfield>
            <subfield code="9">(DE-588)116472596</subfield>
          </datafield>
          <datafield tag="PPE" ind1="-" ind2="1">
            <subfield code="p">Eisenwerth, Josef A. Schmoll-</subfield>
            <subfield code="d">1915-2010</subfield>
            <subfield code="9">(DE-588)116472596</subfield>
          </datafield>
          <datafield tag="PPE" ind1="-" ind2="1">
            <subfield code="p">Schmoll, J. A.</subfield>
            <subfield code="d">1915-2010</subfield>
            <subfield code="9">(DE-588)116472596</subfield>
          </datafield>
          <datafield tag="PPE" ind1="-" ind2="1">
            <subfield code="p">Schmoll-Eisenwerth, J. A.</subfield>
            <subfield code="d">1915-2010</subfield>
            <subfield code="9">(DE-588)116472596</subfield>
          </datafield>
          <datafield tag="PPE" ind1="-" ind2="1">
            <subfield code="p">Schmoll, J. Adolf</subfield>
            <subfield code="d">1915-2010</subfield>
            <subfield code="9">(DE-588)116472596</subfield>
          </datafield>
          <datafield tag="PPE" ind1="-" ind2="1">
            <subfield code="p">Eisenwerth, J. A.</subfield>
            <subfield code="d">1915-2010</subfield>
            <subfield code="9">(DE-588)116472596</subfield>
          </datafield>
          <datafield tag="PPE" ind1="-" ind2="1">
            <subfield code="p">Eisenwerth, Josef Adolf</subfield>
            <subfield code="d">1915-2010</subfield>
            <subfield code="9">(DE-588)116472596</subfield>
          </datafield>
          <datafield tag="PPE" ind1="-" ind2="1">
            <subfield code="p">Schmoll Eisenwerth, Josef Adolf</subfield>
            <subfield code="d">1915-2010</subfield>
            <subfield code="9">(DE-588)116472596</subfield>
          </datafield>
          <datafield tag="PPE" ind1="-" ind2="1">
            <subfield code="p">Schmoll Eisenwerth, J. A.</subfield>
            <subfield code="d">1915-2010</subfield>
            <subfield code="9">(DE-588)116472596</subfield>
          </datafield>
          <datafield tag="PPE" ind1="-" ind2="1">
            <subfield code="p">Schmoll genannt Eisenwerth, J.A.</subfield>
            <subfield code="d">1915-2010</subfield>
            <subfield code="9">(DE-588)116472596</subfield>
          </datafield>
          <datafield tag="PPE" ind1="-" ind2="1">
            <subfield code="p">Schmoll-Eisenwerth, Josef Adolf</subfield>
            <subfield code="d">1915-2010</subfield>
            <subfield code="9">(DE-588)116472596</subfield>
          </datafield>
          <datafield tag="PPE" ind1="-" ind2="1">
            <subfield code="p">Schmoll gen. Eisenwerth, Josef A.</subfield>
            <subfield code="d">1915-2010</subfield>
            <subfield code="9">(DE-588)116472596</subfield>
          </datafield>
          <datafield tag="PPE" ind1="-" ind2="1">
            <subfield code="p">Schmoll gen. Eisenwerth, Josef Adolf</subfield>
            <subfield code="d">1915-2010</subfield>
            <subfield code="9">(DE-588)116472596</subfield>
          </datafield>
          <datafield tag="PPE" ind1="-" ind2="1">
            <subfield code="p">Eisenwerth, Josef A. Schmoll</subfield>
            <subfield code="d">1915-2010</subfield>
            <subfield code="9">(DE-588)116472596</subfield>
          </datafield>
          <datafield tag="PPE" ind1="-" ind2="1">
            <subfield code="p">Schmoll, J.A.</subfield>
            <subfield code="d">1915-2010</subfield>
            <subfield code="9">(DE-588)116472596</subfield>
          </datafield>
          <datafield tag="PPE" ind1="-" ind2="1">
            <subfield code="p">Schmoll gen. Eisenwerth, J.A.</subfield>
            <subfield code="d">1915-2010</subfield>
            <subfield code="9">(DE-588)116472596</subfield>
          </datafield>
          <datafield tag="PPE" ind1="-" ind2="1">
            <subfield code="p">Shumoru-Aizen'vueruto, J. A.</subfield>
            <subfield code="d">1915-2010</subfield>
            <subfield code="9">(DE-588)116472596</subfield>
          </datafield>
          <datafield tag="PPE" ind1="-" ind2="1">
            <subfield code="p">Schmoll, Josef Adolf</subfield>
            <subfield code="d">1915-2010</subfield>
            <subfield code="9">(DE-588)116472596</subfield>
          </datafield>
          <datafield tag="PPE" ind1="-" ind2="1">
            <subfield code="p">Schmoll genannt Eisenwerth, J. A.</subfield>
            <subfield code="d">1915-2010</subfield>
            <subfield code="9">(DE-588)116472596</subfield>
          </datafield>
          <datafield tag="PPE" ind1="-" ind2="1">
            <subfield code="p">Schmoll von Eisenwerth, J. A.</subfield>
            <subfield code="d">1915-2010</subfield>
            <subfield code="9">(DE-588)116472596</subfield>
          </datafield>
          <datafield tag="PPE" ind1="-" ind2="1">
            <subfield code="p">Eisenwerth, J. A. Schmoll &lt;&lt;von&gt;&gt;</subfield>
            <subfield code="d">1915-2010</subfield>
            <subfield code="9">(DE-588)116472596</subfield>
          </datafield>
          <datafield tag="PPE" ind1="-" ind2="1">
            <subfield code="p">Schmoll-Eisenwerth, Josef A.</subfield>
            <subfield code="d">1915-2010</subfield>
            <subfield code="9">(DE-588)116472596</subfield>
          </datafield>
          <datafield tag="PPE" ind1="-" ind2="1">
            <subfield code="p">Eisenwerth, Josef A. Schmoll-</subfield>
            <subfield code="d">1915-2010</subfield>
            <subfield code="9">(DE-588)116472596</subfield>
          </datafield>
          <datafield tag="PPE" ind1="-" ind2="1">
            <subfield code="p">Schmoll, J. A.</subfield>
            <subfield code="d">1915-2010</subfield>
            <subfield code="9">(DE-588)116472596</subfield>
          </datafield>
          <datafield tag="PPE" ind1="-" ind2="1">
            <subfield code="p">Schmoll-Eisenwerth, J. A.</subfield>
            <subfield code="d">1915-2010</subfield>
            <subfield code="9">(DE-588)116472596</subfield>
          </datafield>
          <datafield tag="PPE" ind1="-" ind2="1">
            <subfield code="p">Schmoll, J. Adolf</subfield>
            <subfield code="d">1915-2010</subfield>
            <subfield code="9">(DE-588)116472596</subfield>
          </datafield>
          <datafield tag="PPE" ind1="-" ind2="1">
            <subfield code="p">Eisenwerth, J. A.</subfield>
            <subfield code="d">1915-2010</subfield>
            <subfield code="9">(DE-588)116472596</subfield>
          </datafield>
          <datafield tag="PPE" ind1="-" ind2="1">
            <subfield code="p">Eisenwerth, Josef Adolf</subfield>
            <subfield code="d">1915-2010</subfield>
            <subfield code="9">(DE-588)116472596</subfield>
          </datafield>
          <datafield tag="PPE" ind1="-" ind2="1">
            <subfield code="p">Schmoll Eisenwerth, Josef Adolf</subfield>
            <subfield code="d">1915-2010</subfield>
            <subfield code="9">(DE-588)116472596</subfield>
          </datafield>
          <datafield tag="PPE" ind1="-" ind2="1">
            <subfield code="p">Schmoll Eisenwerth, J. A.</subfield>
            <subfield code="d">1915-2010</subfield>
            <subfield code="9">(DE-588)116472596</subfield>
          </datafield>
          <datafield tag="PPE" ind1="-" ind2="1">
            <subfield code="p">Schmoll genannt Eisenwerth, J.A.</subfield>
            <subfield code="d">1915-2010</subfield>
            <subfield code="9">(DE-588)116472596</subfield>
          </datafield>
          <datafield tag="PPE" ind1="-" ind2="1">
            <subfield code="p">Schmoll-Eisenwerth, Josef Adolf</subfield>
            <subfield code="d">1915-2010</subfield>
            <subfield code="9">(DE-588)116472596</subfield>
          </datafield>
          <datafield tag="PPE" ind1="-" ind2="1">
            <subfield code="p">Schmoll gen. Eisenwerth, Josef A.</subfield>
            <subfield code="d">1915-2010</subfield>
            <subfield code="9">(DE-588)116472596</subfield>
          </datafield>
          <datafield tag="PPE" ind1="-" ind2="1">
            <subfield code="p">Schmoll gen. Eisenwerth, Josef Adolf</subfield>
            <subfield code="d">1915-2010</subfield>
            <subfield code="9">(DE-588)116472596</subfield>
          </datafield>
          <datafield tag="PPE" ind1="-" ind2="1">
            <subfield code="p">Eisenwerth, Josef A. Schmoll</subfield>
            <subfield code="d">1915-2010</subfield>
            <subfield code="9">(DE-588)116472596</subfield>
          </datafield>
          <datafield tag="PPE" ind1="-" ind2="1">
            <subfield code="p">Schmoll, J.A.</subfield>
            <subfield code="d">1915-2010</subfield>
            <subfield code="9">(DE-588)116472596</subfield>
          </datafield>
          <datafield tag="PPE" ind1="-" ind2="1">
            <subfield code="p">Schmoll gen. Eisenwerth, J.A.</subfield>
            <subfield code="d">1915-2010</subfield>
            <subfield code="9">(DE-588)116472596</subfield>
          </datafield>
          <datafield tag="PPE" ind1="-" ind2="1">
            <subfield code="p">Shumoru-Aizen'vueruto, J. A.</subfield>
            <subfield code="d">1915-2010</subfield>
            <subfield code="9">(DE-588)116472596</subfield>
          </datafield>
          <datafield tag="PPE" ind1="-" ind2="1">
            <subfield code="p">Schmoll, Josef Adolf</subfield>
            <subfield code="d">1915-2010</subfield>
            <subfield code="9">(DE-588)116472596</subfield>
          </datafield>
          <datafield tag="PPE" ind1="-" ind2="1">
            <subfield code="p">Schmoll genannt Eisenwerth, J. A.</subfield>
            <subfield code="d">1915-2010</subfield>
            <subfield code="9">(DE-588)116472596</subfield>
          </datafield>
          <datafield tag="PPE" ind1="-" ind2="1">
            <subfield code="p">Schmoll von Eisenwerth, J. A.</subfield>
            <subfield code="d">1915-2010</subfield>
            <subfield code="9">(DE-588)116472596</subfield>
          </datafield>
          <datafield tag="PPE" ind1="-" ind2="1">
            <subfield code="p">Eisenwerth, J. A. Schmoll &lt;&lt;von&gt;&gt;</subfield>
            <subfield code="d">1915-2010</subfield>
            <subfield code="9">(DE-588)116472596</subfield>
          </datafield>
          <datafield tag="PPE" ind1="-" ind2="1">
            <subfield code="p">Schmoll-Eisenwerth, Josef A.</subfield>
            <subfield code="d">1915-2010</subfield>
            <subfield code="9">(DE-588)116472596</subfield>
          </datafield>
          <datafield tag="PPE" ind1="-" ind2="1">
            <subfield code="p">Eisenwerth, Josef A. Schmoll-</subfield>
            <subfield code="d">1915-2010</subfield>
            <subfield code="9">(DE-588)116472596</subfield>
          </datafield>
          <datafield tag="PPE" ind1="-" ind2="1">
            <subfield code="p">Schmoll, J. A.</subfield>
            <subfield code="d">1915-2010</subfield>
            <subfield code="9">(DE-588)116472596</subfield>
          </datafield>
          <datafield tag="PPE" ind1="-" ind2="1">
            <subfield code="p">Schmoll-Eisenwerth, J. A.</subfield>
            <subfield code="d">1915-2010</subfield>
            <subfield code="9">(DE-588)116472596</subfield>
          </datafield>
          <datafield tag="PPE" ind1="-" ind2="1">
            <subfield code="p">Schmoll, J. Adolf</subfield>
            <subfield code="d">1915-2010</subfield>
            <subfield code="9">(DE-588)116472596</subfield>
          </datafield>
          <datafield tag="PPE" ind1="-" ind2="1">
            <subfield code="p">Eisenwerth, J. A.</subfield>
            <subfield code="d">1915-2010</subfield>
            <subfield code="9">(DE-588)116472596</subfield>
          </datafield>
          <datafield tag="PPE" ind1="-" ind2="1">
            <subfield code="p">Eisenwerth, Josef Adolf</subfield>
            <subfield code="d">1915-2010</subfield>
            <subfield code="9">(DE-588)116472596</subfield>
          </datafield>
          <datafield tag="PPE" ind1="-" ind2="1">
            <subfield code="p">Schmoll Eisenwerth, Josef Adolf</subfield>
            <subfield code="d">1915-2010</subfield>
            <subfield code="9">(DE-588)116472596</subfield>
          </datafield>
          <datafield tag="PPE" ind1="-" ind2="1">
            <subfield code="p">Schmoll Eisenwerth, J. A.</subfield>
            <subfield code="d">1915-2010</subfield>
            <subfield code="9">(DE-588)116472596</subfield>
          </datafield>
          <datafield tag="PPE" ind1="-" ind2="1">
            <subfield code="p">Schmoll genannt Eisenwerth, J.A.</subfield>
            <subfield code="d">1915-2010</subfield>
            <subfield code="9">(DE-588)116472596</subfield>
          </datafield>
          <datafield tag="PPE" ind1="-" ind2="1">
            <subfield code="p">Schmoll-Eisenwerth, Josef Adolf</subfield>
            <subfield code="d">1915-2010</subfield>
            <subfield code="9">(DE-588)116472596</subfield>
          </datafield>
          <datafield tag="PPE" ind1="-" ind2="1">
            <subfield code="p">Schmoll gen. Eisenwerth, Josef A.</subfield>
            <subfield code="d">1915-2010</subfield>
            <subfield code="9">(DE-588)116472596</subfield>
          </datafield>
          <datafield tag="PPE" ind1="-" ind2="1">
            <subfield code="p">Schmoll gen. Eisenwerth, Josef Adolf</subfield>
            <subfield code="d">1915-2010</subfield>
            <subfield code="9">(DE-588)116472596</subfield>
          </datafield>
          <datafield tag="PPE" ind1="-" ind2="1">
            <subfield code="p">Eisenwerth, Josef A. Schmoll</subfield>
            <subfield code="d">1915-2010</subfield>
            <subfield code="9">(DE-588)116472596</subfield>
          </datafield>
          <datafield tag="PPE" ind1="-" ind2="1">
            <subfield code="p">Schmoll, J.A.</subfield>
            <subfield code="d">1915-2010</subfield>
            <subfield code="9">(DE-588)116472596</subfield>
          </datafield>
          <datafield tag="PPE" ind1="-" ind2="1">
            <subfield code="p">Schmoll gen. Eisenwerth, J.A.</subfield>
            <subfield code="d">1915-2010</subfield>
            <subfield code="9">(DE-588)116472596</subfield>
          </datafield>
          <datafield tag="PPE" ind1="-" ind2="1">
            <subfield code="p">Shumoru-Aizen'vueruto, J. A.</subfield>
            <subfield code="d">1915-2010</subfield>
            <subfield code="9">(DE-588)116472596</subfield>
          </datafield>
          <datafield tag="PPE" ind1="-" ind2="1">
            <subfield code="p">Schmoll, Josef Adolf</subfield>
            <subfield code="d">1915-2010</subfield>
            <subfield code="9">(DE-588)116472596</subfield>
          </datafield>
          <datafield tag="PPE" ind1="-" ind2="1">
            <subfield code="p">Schmoll genannt Eisenwerth, J. A.</subfield>
            <subfield code="d">1915-2010</subfield>
            <subfield code="9">(DE-588)116472596</subfield>
          </datafield>
          <datafield tag="PPE" ind1="-" ind2="1">
            <subfield code="p">Schmoll von Eisenwerth, J. A.</subfield>
            <subfield code="d">1915-2010</subfield>
            <subfield code="9">(DE-588)116472596</subfield>
          </datafield>
          <datafield tag="PPE" ind1="-" ind2="1">
            <subfield code="p">Eisenwerth, J. A. Schmoll &lt;&lt;von&gt;&gt;</subfield>
            <subfield code="d">1915-2010</subfield>
            <subfield code="9">(DE-588)116472596</subfield>
          </datafield>
          <datafield tag="PPE" ind1="-" ind2="1">
            <subfield code="p">Schmoll-Eisenwerth, Josef A.</subfield>
            <subfield code="d">1915-2010</subfield>
            <subfield code="9">(DE-588)116472596</subfield>
          </datafield>
          <datafield tag="PPE" ind1="-" ind2="1">
            <subfield code="p">Eisenwerth, Josef A. Schmoll-</subfield>
            <subfield code="d">1915-2010</subfield>
            <subfield code="9">(DE-588)116472596</subfield>
          </datafield>
          <datafield tag="PPE" ind1="-" ind2="1">
            <subfield code="p">Schmoll, J. A.</subfield>
            <subfield code="d">1915-2010</subfield>
            <subfield code="9">(DE-588)116472596</subfield>
          </datafield>
          <datafield tag="PPE" ind1="-" ind2="1">
            <subfield code="p">Schmoll-Eisenwerth, J. A.</subfield>
            <subfield code="d">1915-2010</subfield>
            <subfield code="9">(DE-588)116472596</subfield>
          </datafield>
          <datafield tag="PPE" ind1="-" ind2="1">
            <subfield code="p">Schmoll, J. Adolf</subfield>
            <subfield code="d">1915-2010</subfield>
            <subfield code="9">(DE-588)116472596</subfield>
          </datafield>
          <datafield tag="PPE" ind1="-" ind2="1">
            <subfield code="p">Eisenwerth, J. A.</subfield>
            <subfield code="d">1915-2010</subfield>
            <subfield code="9">(DE-588)116472596</subfield>
          </datafield>
          <datafield tag="PPE" ind1="-" ind2="1">
            <subfield code="p">Eisenwerth, Josef Adolf</subfield>
            <subfield code="d">1915-2010</subfield>
            <subfield code="9">(DE-588)116472596</subfield>
          </datafield>
          <datafield tag="PPE" ind1="-" ind2="1">
            <subfield code="p">Schmoll Eisenwerth, Josef Adolf</subfield>
            <subfield code="d">1915-2010</subfield>
            <subfield code="9">(DE-588)116472596</subfield>
          </datafield>
          <datafield tag="PPE" ind1="-" ind2="1">
            <subfield code="p">Schmoll Eisenwerth, J. A.</subfield>
            <subfield code="d">1915-2010</subfield>
            <subfield code="9">(DE-588)116472596</subfield>
          </datafield>
          <datafield tag="PPE" ind1="-" ind2="1">
            <subfield code="p">Schmoll genannt Eisenwerth, J.A.</subfield>
            <subfield code="d">1915-2010</subfield>
            <subfield code="9">(DE-588)116472596</subfield>
          </datafield>
          <datafield tag="PPE" ind1="-" ind2="1">
            <subfield code="p">Schmoll-Eisenwerth, Josef Adolf</subfield>
            <subfield code="d">1915-2010</subfield>
            <subfield code="9">(DE-588)116472596</subfield>
          </datafield>
          <datafield tag="PPE" ind1="-" ind2="1">
            <subfield code="p">Schmoll gen. Eisenwerth, Josef A.</subfield>
            <subfield code="d">1915-2010</subfield>
            <subfield code="9">(DE-588)116472596</subfield>
          </datafield>
          <datafield tag="PPE" ind1="-" ind2="1">
            <subfield code="p">Schmoll gen. Eisenwerth, Josef Adolf</subfield>
            <subfield code="d">1915-2010</subfield>
            <subfield code="9">(DE-588)116472596</subfield>
          </datafield>
          <datafield tag="PPE" ind1="-" ind2="1">
            <subfield code="p">Eisenwerth, Josef A. Schmoll</subfield>
            <subfield code="d">1915-2010</subfield>
            <subfield code="9">(DE-588)116472596</subfield>
          </datafield>
          <datafield tag="PPE" ind1="-" ind2="1">
            <subfield code="p">Schmoll, J.A.</subfield>
            <subfield code="d">1915-2010</subfield>
            <subfield code="9">(DE-588)116472596</subfield>
          </datafield>
          <datafield tag="PPE" ind1="-" ind2="1">
            <subfield code="p">Schmoll gen. Eisenwerth, J.A.</subfield>
            <subfield code="d">1915-2010</subfield>
            <subfield code="9">(DE-588)116472596</subfield>
          </datafield>
          <datafield tag="PPE" ind1="-" ind2="1">
            <subfield code="p">Shumoru-Aizen'vueruto, J. A.</subfield>
            <subfield code="d">1915-2010</subfield>
            <subfield code="9">(DE-588)116472596</subfield>
          </datafield>
          <datafield tag="PPE" ind1="-" ind2="1">
            <subfield code="p">Schmoll, Josef Adolf</subfield>
            <subfield code="d">1915-2010</subfield>
            <subfield code="9">(DE-588)116472596</subfield>
          </datafield>
          <datafield tag="PPE" ind1="-" ind2="1">
            <subfield code="p">Schmoll genannt Eisenwerth, J. A.</subfield>
            <subfield code="d">1915-2010</subfield>
            <subfield code="9">(DE-588)116472596</subfield>
          </datafield>
          <datafield tag="PPE" ind1="-" ind2="1">
            <subfield code="p">Schmoll von Eisenwerth, J. A.</subfield>
            <subfield code="d">1915-2010</subfield>
            <subfield code="9">(DE-588)116472596</subfield>
          </datafield>
          <datafield tag="PPE" ind1="-" ind2="1">
            <subfield code="p">Eisenwerth, J. A. Schmoll &lt;&lt;von&gt;&gt;</subfield>
            <subfield code="d">1915-2010</subfield>
            <subfield code="9">(DE-588)116472596</subfield>
          </datafield>
          <datafield tag="PPE" ind1="-" ind2="1">
            <subfield code="p">Schmoll-Eisenwerth, Josef A.</subfield>
            <subfield code="d">1915-2010</subfield>
            <subfield code="9">(DE-588)116472596</subfield>
          </datafield>
          <datafield tag="PPE" ind1="-" ind2="1">
            <subfield code="p">Eisenwerth, Josef A. Schmoll-</subfield>
            <subfield code="d">1915-2010</subfield>
            <subfield code="9">(DE-588)116472596</subfield>
          </datafield>
          <datafield tag="PPE" ind1="-" ind2="1">
            <subfield code="p">Schmoll, J. A.</subfield>
            <subfield code="d">1915-2010</subfield>
            <subfield code="9">(DE-588)116472596</subfield>
          </datafield>
          <datafield tag="PPE" ind1="-" ind2="1">
            <subfield code="p">Schmoll-Eisenwerth, J. A.</subfield>
            <subfield code="d">1915-2010</subfield>
            <subfield code="9">(DE-588)116472596</subfield>
          </datafield>
          <datafield tag="PPE" ind1="-" ind2="1">
            <subfield code="p">Schmoll, J. Adolf</subfield>
            <subfield code="d">1915-2010</subfield>
            <subfield code="9">(DE-588)116472596</subfield>
          </datafield>
          <datafield tag="PPE" ind1="-" ind2="1">
            <subfield code="p">Eisenwerth, J. A.</subfield>
            <subfield code="d">1915-2010</subfield>
            <subfield code="9">(DE-588)116472596</subfield>
          </datafield>
          <datafield tag="PPE" ind1="-" ind2="1">
            <subfield code="p">Eisenwerth, Josef Adolf</subfield>
            <subfield code="d">1915-2010</subfield>
            <subfield code="9">(DE-588)116472596</subfield>
          </datafield>
          <datafield tag="PPE" ind1="-" ind2="1">
            <subfield code="p">Schmoll Eisenwerth, Josef Adolf</subfield>
            <subfield code="d">1915-2010</subfield>
            <subfield code="9">(DE-588)116472596</subfield>
          </datafield>
          <datafield tag="PPE" ind1="-" ind2="1">
            <subfield code="p">Schmoll Eisenwerth, J. A.</subfield>
            <subfield code="d">1915-2010</subfield>
            <subfield code="9">(DE-588)116472596</subfield>
          </datafield>
          <datafield tag="PPE" ind1="-" ind2="1">
            <subfield code="p">Schmoll genannt Eisenwerth, J.A.</subfield>
            <subfield code="d">1915-2010</subfield>
            <subfield code="9">(DE-588)116472596</subfield>
          </datafield>
          <datafield tag="PPE" ind1="-" ind2="1">
            <subfield code="p">Schmoll-Eisenwerth, Josef Adolf</subfield>
            <subfield code="d">1915-2010</subfield>
            <subfield code="9">(DE-588)116472596</subfield>
          </datafield>
          <datafield tag="PPE" ind1="-" ind2="1">
            <subfield code="p">Schmoll gen. Eisenwerth, Josef A.</subfield>
            <subfield code="d">1915-2010</subfield>
            <subfield code="9">(DE-588)116472596</subfield>
          </datafield>
          <datafield tag="PPE" ind1="-" ind2="1">
            <subfield code="p">Schmoll gen. Eisenwerth, Josef Adolf</subfield>
            <subfield code="d">1915-2010</subfield>
            <subfield code="9">(DE-588)116472596</subfield>
          </datafield>
          <datafield tag="PPE" ind1="-" ind2="1">
            <subfield code="p">Eisenwerth, Josef A. Schmoll</subfield>
            <subfield code="d">1915-2010</subfield>
            <subfield code="9">(DE-588)116472596</subfield>
          </datafield>
          <datafield tag="PPE" ind1="-" ind2="1">
            <subfield code="p">Schmoll, J.A.</subfield>
            <subfield code="d">1915-2010</subfield>
            <subfield code="9">(DE-588)116472596</subfield>
          </datafield>
          <datafield tag="PPE" ind1="-" ind2="1">
            <subfield code="p">Schmoll gen. Eisenwerth, J.A.</subfield>
            <subfield code="d">1915-2010</subfield>
            <subfield code="9">(DE-588)116472596</subfield>
          </datafield>
          <datafield tag="PPE" ind1="-" ind2="1">
            <subfield code="p">Shumoru-Aizen'vueruto, J. A.</subfield>
            <subfield code="d">1915-2010</subfield>
            <subfield code="9">(DE-588)116472596</subfield>
          </datafield>
          <datafield tag="PPE" ind1="-" ind2="1">
            <subfield code="p">Schmoll, Josef Adolf</subfield>
            <subfield code="d">1915-2010</subfield>
            <subfield code="9">(DE-588)116472596</subfield>
          </datafield>
          <datafield tag="PPE" ind1="-" ind2="1">
            <subfield code="p">Schmoll genannt Eisenwerth, J. A.</subfield>
            <subfield code="d">1915-2010</subfield>
            <subfield code="9">(DE-588)116472596</subfield>
          </datafield>
          <datafield tag="PPE" ind1="-" ind2="1">
            <subfield code="p">Schmoll von Eisenwerth, J. A.</subfield>
            <subfield code="d">1915-2010</subfield>
            <subfield code="9">(DE-588)116472596</subfield>
          </datafield>
          <datafield tag="PPE" ind1="-" ind2="1">
            <subfield code="p">Eisenwerth, J. A. Schmoll &lt;&lt;von&gt;&gt;</subfield>
            <subfield code="d">1915-2010</subfield>
            <subfield code="9">(DE-588)116472596</subfield>
          </datafield>
          <datafield tag="PPE" ind1="-" ind2="1">
            <subfield code="p">Schmoll-Eisenwerth, Josef A.</subfield>
            <subfield code="d">1915-2010</subfield>
            <subfield code="9">(DE-588)116472596</subfield>
          </datafield>
          <datafield tag="PPE" ind1="-" ind2="1">
            <subfield code="p">Eisenwerth, Josef A. Schmoll-</subfield>
            <subfield code="d">1915-2010</subfield>
            <subfield code="9">(DE-588)116472596</subfield>
          </datafield>
          <datafield tag="PPE" ind1="-" ind2="1">
            <subfield code="p">Schmoll, J. A.</subfield>
            <subfield code="d">1915-2010</subfield>
            <subfield code="9">(DE-588)116472596</subfield>
          </datafield>
          <datafield tag="PPE" ind1="-" ind2="1">
            <subfield code="p">Schmoll-Eisenwerth, J. A.</subfield>
            <subfield code="d">1915-2010</subfield>
            <subfield code="9">(DE-588)116472596</subfield>
          </datafield>
          <datafield tag="PPE" ind1="-" ind2="1">
            <subfield code="p">Schmoll, J. Adolf</subfield>
            <subfield code="d">1915-2010</subfield>
            <subfield code="9">(DE-588)116472596</subfield>
          </datafield>
          <datafield tag="PPE" ind1="-" ind2="1">
            <subfield code="p">Eisenwerth, J. A.</subfield>
            <subfield code="d">1915-2010</subfield>
            <subfield code="9">(DE-588)116472596</subfield>
          </datafield>
          <datafield tag="PPE" ind1="-" ind2="1">
            <subfield code="p">Eisenwerth, Josef Adolf</subfield>
            <subfield code="d">1915-2010</subfield>
            <subfield code="9">(DE-588)116472596</subfield>
          </datafield>
          <datafield tag="PPE" ind1="-" ind2="1">
            <subfield code="p">Schmoll Eisenwerth, Josef Adolf</subfield>
            <subfield code="d">1915-2010</subfield>
            <subfield code="9">(DE-588)116472596</subfield>
          </datafield>
          <datafield tag="PPE" ind1="-" ind2="1">
            <subfield code="p">Schmoll Eisenwerth, J. A.</subfield>
            <subfield code="d">1915-2010</subfield>
            <subfield code="9">(DE-588)116472596</subfield>
          </datafield>
          <datafield tag="PPE" ind1="-" ind2="1">
            <subfield code="p">Schmoll genannt Eisenwerth, J.A.</subfield>
            <subfield code="d">1915-2010</subfield>
            <subfield code="9">(DE-588)116472596</subfield>
          </datafield>
          <datafield tag="PPE" ind1="-" ind2="1">
            <subfield code="p">Schmoll-Eisenwerth, Josef Adolf</subfield>
            <subfield code="d">1915-2010</subfield>
            <subfield code="9">(DE-588)116472596</subfield>
          </datafield>
          <datafield tag="PPE" ind1="-" ind2="1">
            <subfield code="p">Schmoll gen. Eisenwerth, Josef A.</subfield>
            <subfield code="d">1915-2010</subfield>
            <subfield code="9">(DE-588)116472596</subfield>
          </datafield>
          <datafield tag="PPE" ind1="-" ind2="1">
            <subfield code="p">Schmoll gen. Eisenwerth, Josef Adolf</subfield>
            <subfield code="d">1915-2010</subfield>
            <subfield code="9">(DE-588)116472596</subfield>
          </datafield>
          <datafield tag="PPE" ind1="-" ind2="1">
            <subfield code="p">Eisenwerth, Josef A. Schmoll</subfield>
            <subfield code="d">1915-2010</subfield>
            <subfield code="9">(DE-588)116472596</subfield>
          </datafield>
          <datafield tag="PPE" ind1="-" ind2="1">
            <subfield code="p">Schmoll, J.A.</subfield>
            <subfield code="d">1915-2010</subfield>
            <subfield code="9">(DE-588)116472596</subfield>
          </datafield>
          <datafield tag="PPE" ind1="-" ind2="1">
            <subfield code="p">Schmoll gen. Eisenwerth, J.A.</subfield>
            <subfield code="d">1915-2010</subfield>
            <subfield code="9">(DE-588)116472596</subfield>
          </datafield>
          <datafield tag="PPE" ind1="-" ind2="1">
            <subfield code="p">Shumoru-Aizen'vueruto, J. A.</subfield>
            <subfield code="d">1915-2010</subfield>
            <subfield code="9">(DE-588)116472596</subfield>
          </datafield>
          <datafield tag="OWN" ind1=" " ind2=" ">
            <subfield code="a">P0001</subfield>
            <subfield code="n">466 - Paderborn: UB</subfield>
          </datafield>
          <datafield tag="PLK" ind1=" " ind2=" ">
            <subfield code="a">ANU</subfield>
            <subfield code="l">PAD01</subfield>
            <subfield code="b">001841775</subfield>
            <subfield code="m">Wanderer zwischen den Welten.^1996.^-^Band 10 (1996),1, Seiten 331 - 349.^</subfield>
            <subfield code="n">Jahrbuch ....^1987</subfield>
          </datafield>
          <datafield tag="LOC" ind1=" " ind2=" ">
            <subfield code="m">BOOK</subfield>
            <subfield code="a">P0001</subfield>
            <subfield code="f">ZZVS1009</subfield>
            <subfield code="i">Schmoll/381</subfield>
            <subfield code="n">20</subfield>
            <subfield code="k">20160203</subfield>
            <subfield code="5">1842590-10</subfield>
          </datafield>
        </record>
      </metadata>
    </record>
  </ListRecords>
</OAI-PMH>
